%% This BibTeX bibliography file was created using BibDesk.
%% http://bibdesk.sourceforge.net/


%% Created for Frazier, Benjamin W. at 2018-06-15 09:31:10 -0400 


%% Saved with string encoding Unicode (UTF-8) 



@article{yeh_fading,
	Author = {J. H. Yeh and E. Ott and T. M. Antonsen and S. M. Anlage},
	Date-Added = {2018-06-15 13:28:41 +0000},
	Date-Modified = {2018-06-15 13:30:03 +0000},
	Journal = {Proceedings of the 5th Workshop on Quantum Chaos and Localisation Phenomena},
	Number = {6-A},
	Pages = {A-85:A-88},
	Title = {Fading Statistics in Communications - A Random Matrix Approach},
	Volume = {120},
	Year = {2011}}

@article{yeh_first_principles,
	Author = {Jen-Hao Yeh and Thomas M Antonsen and Edward Ott and Steven M Anlage},
	Date-Added = {2018-06-15 13:25:34 +0000},
	Date-Modified = {2018-06-15 13:31:01 +0000},
	Journal = {Physical Review},
	Number = {015202R},
	Pages = {015202-1:015202-4},
	Title = {First-principles model of time-dependent variations in transmission through a fluctuating scattering environment},
	Volume = {85},
	Year = {2012}}

@book{richards_dsp,
	Author = {Mark A. Richards},
	Date-Added = {2017-12-03 16:11:19 +0000},
	Date-Modified = {2017-12-03 16:11:57 +0000},
	Publisher = {McGraw Hill},
	Title = {Fundamentals of RADAR Signal Processing},
	Year = {2005}}

@techreport{dod_wgs84,
	Date-Added = {2017-11-29 13:10:51 +0000},
	Date-Modified = {2017-11-29 13:11:51 +0000},
	Institution = {National Imagery and Mapping Agency},
	Month = {January},
	Number = {TR 8350.2},
	Title = {Departmnet of Defense World Geodetic System 1984},
	Year = {2000}}

@article{miller_reflection,
	Author = {A. Miller and R. Brown and E. Vegh},
	Date-Added = {2017-11-28 20:27:41 +0000},
	Date-Modified = {2017-11-28 20:28:54 +0000},
	Journal = {IEE Proceedings, Part H. Microwaves, Optics, and Antennas},
	Number = {2},
	Pages = {114-116},
	Title = {New Derivation for the Rough-Surface Reflection Coefficient and for the Distribution of Sea-Wave Elevations},
	Volume = {131},
	Year = {1984}}

@techreport{lohrmann_rcs,
	Author = {D. Lohrmann},
	Date-Added = {2017-11-28 20:26:41 +0000},
	Date-Modified = {2017-11-28 20:27:39 +0000},
	Institution = {Naval Research Laboratory},
	Number = {NRL/FR/5747--01-10006},
	Title = {Radar Cross Sections of Distributed Targets Low Over Water in the Presence of Multipath Reflections},
	Year = {2001}}

@article{dockery_pe,
	Author = {G. Dockery},
	Date-Added = {2017-11-28 20:25:49 +0000},
	Date-Modified = {2017-11-28 20:26:40 +0000},
	Journal = {IEEE Transactions on Antennnas and Propagation},
	Number = {10},
	Pages = {1464-1470},
	Title = {Modeling electromagnetic wave propagation in the troposphere using the parabolic equation},
	Volume = {36},
	Year = {1988}}

@article{kuttler_pe_theory,
	Author = {J. Kuttler and G. Dockery},
	Date-Added = {2017-11-28 20:24:36 +0000},
	Date-Modified = {2017-11-28 20:25:48 +0000},
	Journal = {Radio Science},
	Number = {2},
	Pages = {381-393},
	Title = {Theoretical description of the parabolic approximation/Fourier split-step method of representing electromagnetic propagation in the troposphere},
	Volume = {26},
	Year = {1991}}

@book{richards_radar,
	Date-Added = {2017-11-12 17:45:12 +0000},
	Date-Modified = {2017-11-12 17:46:01 +0000},
	Editor = {Mark A. Richards and James A. Scheer and William A. Holm},
	Publisher = {SciTech Publishing},
	Title = {Principles of Modern Radar: Basic Principles},
	Year = {2010}}

@book{hases_statistical_dsp,
	Author = {Monson H. Hayes},
	Date-Added = {2017-11-12 17:43:24 +0000},
	Date-Modified = {2017-11-12 17:44:06 +0000},
	Publisher = {John Wiley and Sons},
	Title = {Statistical Digital Signal Processing and Modeling},
	Year = {1996}}

@misc{wmo_code,
	Author = {World Ocean Circulation Experiment},
	Date-Added = {2017-11-12 17:29:49 +0000},
	Date-Modified = {2017-11-12 17:30:23 +0000},
	Howpublished = {Online},
	Month = {June},
	Title = {World Meterological Organization Code Table 3700: Sea State},
	Year = {2002}}

@techreport{temper_guide,
	Author = {J. Z. Gehman and K. A. Griffith and M. H. Newkirk},
	Date-Added = {2017-11-12 16:52:21 +0000},
	Date-Modified = {2017-11-12 16:53:19 +0000},
	Institution = {Johns Hopkins University Applied Physics Laboratory},
	Month = {September},
	Number = {AMD-15-012},
	Title = {TEMPER Version 3.2 Tropospheric Electromagnetic Parabolic Equation Routine (TEMPER) User Guide},
	Year = {2016}}

@techreport{uk_met_fact_sheet6,
	Date-Added = {2017-11-12 16:49:48 +0000},
	Date-Modified = {2017-11-12 16:50:31 +0000},
	Institution = {UK National Meterological Library and Archive},
	Title = {Fact Sheet 6 - The Beaufort Scale},
	Year = {2010}}

@article{michel_sea_spectra,
	Author = {Walter H. Michel},
	Date-Added = {2017-11-12 16:49:12 +0000},
	Date-Modified = {2017-11-12 16:49:47 +0000},
	Journal = {Marine Technology},
	Month = {Winter},
	Number = {4},
	Pages = {211-227},
	Title = {Sea Spectra Revisited},
	Volume = {36},
	Year = {1999}}

@article{elfouhaily,
	Author = {T. Elfouhaily and B. Chapron and K. Katsaros},
	Date-Added = {2017-11-12 16:48:27 +0000},
	Date-Modified = {2017-11-12 16:49:09 +0000},
	Journal = {Journal of Geophysical Research},
	Month = {July},
	Number = {C7},
	Pages = {781-796},
	Title = {A Unified Directional Spectrum for Long and Short Wind-Driven Waves},
	Volume = {102},
	Year = {1997}}

@article{percival_spectra,
	Author = {Donald B. Percival},
	Date-Added = {2017-11-12 16:47:37 +0000},
	Date-Modified = {2017-11-12 16:48:26 +0000},
	Journal = {Computing Science and Statistics},
	Pages = {534-538},
	Title = {Simulating Gaussian Random Processes with Specified Spectra},
	Volume = {24},
	Year = {1992}}

@book{skolnik_handbook,
	Date-Added = {2017-11-12 16:46:34 +0000},
	Date-Modified = {2017-11-12 16:47:09 +0000},
	Edition = {3rd},
	Editor = {Merrill Skolnik},
	Publisher = {McGraw Hill},
	Title = {Radar Handbook},
	Year = {2008}}

@book{willis_bistatic,
	Author = {Nicholas J. Willis},
	Date-Added = {2017-11-12 16:46:02 +0000},
	Date-Modified = {2017-11-12 16:46:27 +0000},
	Publisher = {SciTech Publishing},
	Title = {Bistatic Radar},
	Year = {2005}}

@book{nathanson_radar,
	Author = {Fred E. Nathanson},
	Date-Added = {2017-11-12 16:45:14 +0000},
	Date-Modified = {2017-11-12 16:47:27 +0000},
	Edition = {2nd},
	Publisher = {SciTech Publishing},
	Title = {Radar Design Principles, Signal Processing and the Environment},
	Year = {1999}}

@book{blake_radar,
	Author = {Lamont V. Blake},
	Date-Added = {2017-11-12 16:43:52 +0000},
	Date-Modified = {2017-11-12 16:44:28 +0000},
	Publisher = {Artech House},
	Title = {Radar Range-Performance Analysis},
	Year = {1986},
	Bdsk-File-1 = {YnBsaXN0MDDUAQIDBAUGJCVYJHZlcnNpb25YJG9iamVjdHNZJGFyY2hpdmVyVCR0b3ASAAGGoKgHCBMUFRYaIVUkbnVsbNMJCgsMDxJXTlMua2V5c1pOUy5vYmplY3RzViRjbGFzc6INDoACgAOiEBGABIAFgAdccmVsYXRpdmVQYXRoWWFsaWFzRGF0YV8QFW9jZWFuX3N1cmZhY2VfYmliLmJpYtIXCxgZV05TLmRhdGFPEQHCAAAAAAHCAAIAAA9mcmF6aWJ3MS1tbDItaGQAAAAAAAAAAAAAAADShKj1SCsAAAHjpM0Vb2NlYW5fc3VyZmFjZV9iaWIuYmliAAAAAAAAAAAAAAAAAAAAAAAAAAAAAAAAAAAAAAAAAAAAAAAAAAAAAAAAAl2gnNYTgkYAAAAAAAAAAAABAAIAAAkgAAAAAAAAAAAAAAAAAAAAA3NyYwAAEAAIAADShO9FAAAAEQAIAADWE7qGAAAAAQAUAeOkzQHjo8AAFbnzABWUOwAGJ5gAAgBOZnJhemlidzEtbWwyLWhkOlVzZXJzOgBmcmF6aWJ3MToARG9jdW1lbnRzOgBUaGVzaXM6AHNyYzoAb2NlYW5fc3VyZmFjZV9iaWIuYmliAA4ALAAVAG8AYwBlAGEAbgBfAHMAdQByAGYAYQBjAGUAXwBiAGkAYgAuAGIAaQBiAA8AIAAPAGYAcgBhAHoAaQBiAHcAMQAtAG0AbAAyAC0AaABkABIAOVVzZXJzL2ZyYXppYncxL0RvY3VtZW50cy9UaGVzaXMvc3JjL29jZWFuX3N1cmZhY2VfYmliLmJpYgAAEwABLwAAFQACAA///wAAgAbSGxwdHlokY2xhc3NuYW1lWCRjbGFzc2VzXU5TTXV0YWJsZURhdGGjHR8gVk5TRGF0YVhOU09iamVjdNIbHCIjXE5TRGljdGlvbmFyeaIiIF8QD05TS2V5ZWRBcmNoaXZlctEmJ1Ryb290gAEACAARABoAIwAtADIANwBAAEYATQBVAGAAZwBqAGwAbgBxAHMAdQB3AIQAjgCmAKsAswJ5AnsCgAKLApQCogKmAq0CtgK7AsgCywLdAuAC5QAAAAAAAAIBAAAAAAAAACgAAAAAAAAAAAAAAAAAAALn}}

@book{duffy_green,
	Author = {Dean G. Duffy},
	Date-Added = {2017-07-12 18:31:58 +0000},
	Date-Modified = {2017-07-12 18:32:44 +0000},
	Publisher = {Chapman and Hall},
	Title = {Green's Functions with Applications},
	Year = {2001}}

@book{nist_handbook,
	Date-Added = {2017-07-12 13:20:54 +0000},
	Date-Modified = {2017-07-13 20:05:16 +0000},
	Editor = {Frank Oliver},
	Publisher = {Cambridge University Press},
	Title = {NIST Handbook of Mathematical Functions},
	Year = {2010}}

@book{born_wolf_po,
	Author = {Max Born and Emil Wolf},
	Date-Added = {2017-07-08 13:51:07 +0000},
	Date-Modified = {2017-07-08 13:51:44 +0000},
	Edition = {6th},
	Publisher = {Cambridge University Press},
	Title = {Principles of Optics},
	Year = {1980}}

@book{abramowitz_stegun,
	Date-Added = {2017-07-07 19:47:59 +0000},
	Date-Modified = {2017-07-07 19:50:00 +0000},
	Editor = {Milton Abramowitz and Irene A. Stegun},
	Publisher = {Dover Publications},
	Title = {Handbook of Mathematical Functions With Formulas, Graphs, and Mathematical Tables},
	Year = {1974}}

@article{green_essay,
	Author = {George Green},
	Date-Added = {2017-07-07 17:31:27 +0000},
	Date-Modified = {2017-07-07 17:33:15 +0000},
	Title = {An Essay on the Application of Mathematical Analysis to the Theories of Electricity and Magnetism}}

@book{gbur_math,
	Author = {Gregory J. Gbur},
	Date-Added = {2017-07-05 15:56:32 +0000},
	Date-Modified = {2017-07-05 15:57:03 +0000},
	Publisher = {Cambridge University Press},
	Title = {Mathematical Methods for Optical Physics and Engineering},
	Year = {2011}}

@book{hajek_random_processes,
	Author = {Bruce Hajek},
	Date-Added = {2017-07-05 15:52:26 +0000},
	Date-Modified = {2017-07-05 15:53:03 +0000},
	Publisher = {Cambridge University Press},
	Title = {Random Processes for Engineers},
	Year = {2015}}

@book{smith_radiation,
	Author = {Glenn S. Smith},
	Date-Added = {2017-07-05 15:51:17 +0000},
	Date-Modified = {2017-07-05 15:51:48 +0000},
	Publisher = {Cambridge University Press},
	Title = {An Introduction to Classical Electromagnetic Radiation},
	Year = {1997}}

@book{osipov_scattering,
	Author = {Andrey V. Osipov and Sergei A. Tertyakov},
	Date-Added = {2017-07-05 15:49:35 +0000},
	Date-Modified = {2017-07-05 16:01:34 +0000},
	Publisher = {John Wiley and Sons},
	Title = {Modern Electromagnetics Scattering Theory with Applications},
	Year = {2017}}

@book{nearing_physics_tools,
	Author = {James Nearing},
	Date-Added = {2017-07-05 15:48:49 +0000},
	Date-Modified = {2017-07-06 11:58:58 +0000},
	Publisher = {Dover Publications},
	Title = {Mathematical Tools for Physics},
	Year = {2010}}

@book{guenther_partial_de,
	Author = {Ronald B. Guenther and John W. Lee},
	Date-Added = {2017-07-05 15:47:55 +0000},
	Date-Modified = {2017-07-06 11:59:04 +0000},
	Publisher = {Dover Publications},
	Title = {Partial Differential Equations of Mathematical Physics and Integral Equations},
	Year = {1988}}

@book{bertsekas_probability,
	Author = {Dimitri P. Bertsekas and John N. Tsitsiklis},
	Date-Added = {2017-07-05 15:46:44 +0000},
	Date-Modified = {2017-07-05 15:47:30 +0000},
	Edition = {2nd},
	Publisher = {Athena Scientific},
	Title = {Introduction to Probability},
	Year = {2008}}

@book{goodman_fourier,
	Author = {Joseph W. Goodman},
	Date-Added = {2017-07-05 15:45:49 +0000},
	Date-Modified = {2017-11-12 17:18:23 +0000},
	Edition = {2nd},
	Publisher = {McGraw-Hill},
	Title = {Introduction to Fourier Optics},
	Year = {1996}}

@book{someda_em,
	Author = {Carlo G. Someda},
	Date-Added = {2017-07-05 15:44:41 +0000},
	Date-Modified = {2017-07-05 16:01:27 +0000},
	Edition = {2nd},
	Publisher = {Taylor and Francis},
	Title = {Electromagnetic Waves},
	Year = {2014}}

@book{oneil_advanced_math,
	Author = {Peter V. O'Neil},
	Date-Added = {2017-07-05 15:43:21 +0000},
	Date-Modified = {2017-07-05 15:44:06 +0000},
	Edition = {6th},
	Publisher = {Thomson},
	Title = {Advanced Engineering Mathematics},
	Year = {2007}}

@book{arfken_weber,
	Author = {George B. Arfken and Hans J. Weber},
	Date-Added = {2017-07-05 15:42:08 +0000},
	Date-Modified = {2017-07-05 15:43:01 +0000},
	Edition = {5th},
	Publisher = {Harcourt Academic Press},
	Title = {Mathematical Methods for Physicists},
	Year = {2001}}

@book{bender_orszag,
	Author = {Carl M. Bender and Steven A. Orszag},
	Date-Added = {2017-07-05 15:40:50 +0000},
	Date-Modified = {2017-07-06 11:58:26 +0000},
	Publisher = {McGraw-Hill},
	Title = {Advanced Mathematical Methods for Scientists and Engineers},
	Year = {1978}}

@book{cheng_analytic_methods,
	Author = {Hung Cheng},
	Date-Added = {2017-07-05 15:39:09 +0000},
	Date-Modified = {2017-07-05 15:40:03 +0000},
	Publisher = {LuBan Press},
	Title = {Advanced Analytic Methods in Applied Mathematics, Science, and Engineering},
	Year = {2007}}

@book{greenberg_green_functions,
	Author = {Michael D. Greenberg},
	Date-Added = {2017-07-05 15:38:03 +0000},
	Date-Modified = {2017-07-05 16:00:03 +0000},
	Publisher = {Dover Publications},
	Title = {Application of Green's Functions in Science and Engineering},
	Year = {2015}}

@book{pozar_microwave,
	Author = {David M. Pozar},
	Date-Added = {2017-07-05 15:36:17 +0000},
	Date-Modified = {2017-07-05 16:01:21 +0000},
	Publisher = {John Wiley and Sons},
	Title = {Microwave Engineering},
	Year = {2012}}

@book{jackson_classical_em,
	Author = {John David Jackson},
	Date-Added = {2017-07-05 15:35:19 +0000},
	Date-Modified = {2017-07-05 16:01:00 +0000},
	Edition = {3rd},
	Publisher = {John Wiley and Sons},
	Title = {Classical Electrodynamics},
	Year = {1999}}

@book{zangwill_modern_em,
	Author = {Andrew Zangwill},
	Date-Added = {2017-07-05 15:34:40 +0000},
	Date-Modified = {2017-07-05 15:35:15 +0000},
	Publisher = {Cambridge University Press},
	Title = {Modern Electrodynamics},
	Year = {2013}}

@article{green_phys_today,
	Author = {Lawrie Challis and Fred Sheard},
	Date-Added = {2017-07-05 14:17:58 +0000},
	Date-Modified = {2017-07-05 14:19:16 +0000},
	Journal = {Physics Today},
	Month = {December},
	Pages = {41-46},
	Title = {The Green of Green's Functions},
	Year = {2003}}

@book{balanis_advanced,
	Author = {Constantine A. Balanis},
	Date-Added = {2017-07-05 14:14:09 +0000},
	Date-Modified = {2017-07-06 11:59:27 +0000},
	Edition = {2nd},
	Publisher = {John Wiley and Sons},
	Title = {Advanced Engineering Electromagnetics},
	Year = {2012}}
