%% This BibTeX bibliography file was created using BibDesk.
%% http://bibdesk.sourceforge.net/


%% Created for Frazier, Benjamin W. at 2017-10-25 15:08:07 -0400 


%% Saved with string encoding Unicode (UTF-8) 



@techreport{uk_met_fact_sheet6,
	Date-Added = {2017-10-25 13:00:12 +0000},
	Date-Modified = {2017-10-25 13:01:31 +0000},
	Institution = {UK National Meterological Library and Archive},
	Title = {Fact Sheet 6 - The Beaufort Scale},
	Year = {2010}}

@article{michel_sea_spectra,
	Author = {Walter H. Michel},
	Date-Added = {2017-10-23 15:57:13 +0000},
	Date-Modified = {2017-10-23 15:57:49 +0000},
	Journal = {Marine Technology},
	Month = {Winter},
	Number = {4},
	Pages = {211-227},
	Title = {Sea Spectra Revisited},
	Volume = {36},
	Year = {1999}}

@article{percival_spectra,
	Author = {Donald B. Percival},
	Date-Added = {2017-10-23 15:24:41 +0000},
	Date-Modified = {2017-10-23 15:25:38 +0000},
	Journal = {Computing Science and Statistics},
	Pages = {534-538},
	Title = {Simulating Gaussian Random Processes with Specified Spectra},
	Volume = {24},
	Year = {1992}}

@article{elfouhaily,
	Author = {T. Elfouhaily and B. Chapron and K. Katsaros},
	Date-Added = {2017-10-23 15:23:09 +0000},
	Date-Modified = {2017-10-25 19:08:03 +0000},
	Journal = {Journal of Geophysical Research},
	Month = {July},
	Number = {C7},
	Pages = {781-796},
	Title = {A Unified Directional Spectrum for Long and Short Wind-Driven Waves},
	Volume = {102},
	Year = {1997}}
